@misc{standard,
 howpublished = "IEEE Computer Society LAN MAN Standards Committee. Wireless LAN Medium Access Control (MAC) and Physical Layer (PHY) Specifications. IEEE Std 802.ll-1999",
 year	      = "1999"
}

@inproceedings{giriclassification,
  author        = "V. R. Giri and N. Jaggi",
  title         = "MAC Layer Misbehavior Effectiveness and Collective Aggressive Reaction Approach",
  booktitle     = "Proc. 33rd IEEE Sarnoff Symposium",
  address       = "Princeton, NJ",
  month         = apr,
  year          = "2010",
  pages         = "1-5"
}

@inproceedings{radosavacsprt,
  author        = "S. Radosavac and J. S. Baras and I. Koutsopoulos",
  title         = "A Framework for MAC Protocol Misbehavior Detection in Wireless Networks",
  booktitle     = "4th ACM Workshop on Wireless Security",
  address       = "Cologne, Germany",
  year          = "2005",
  pages         = "33-42"
}

@inproceedings{rong,
  author        = "Y. Rong and S-K. Lee and H-A. Choi",
  title         = "Detecting Stations Cheating on Backoff Rules in 802.11 Networks Using Sequential Analysis",
  booktitle     = "Proc. 25th IEEE International Conference on Computer Communications ({INFOCOM})",
  address       = "Barcelona, Spain",
  month         = apr,
  year          = "2006",
  pages         = "1-13"
}

@article{domino,
  author        = "M. Raya and I. Aad and J-P. Hubaux and A. El Fawal",
  title         = "DOMINO: Detecting MAC Layer Greedy Behavior in IEEE 802.11 Hotspots",
  journal       = "IEEE Transactions on Mobile Computing",
  volume        = "5",
  number 	= "12",
  month         = dec,
  year          = "2006",
  pages         = "1691-1705"
}

@article{kyasanur,
  author        = "P. Kyasanur and N. H. Vaidya",
  title         = "Selfish MAC layer Misbehavior in Wireless Networks",
  journal       = "IEEE Transactions on Mobile Computing",
  volume        = "4",
  number 	= "5",
  month         = sep,
  year          = "2005",
  pages         = "502-516"
}

@article{dream,
  author        = "L. Guang and C. Assi and Y. Ye",
  title         = "DREAM: A System for Detection and Reaction Against MAC Layer Misbehavior in Ad Hoc Networks",
  journal       = "Elsevier Computer Communications",
  volume        = "30",
  number 	= "8",
  month         = jun,
  year          = "2007",
  pages         = "1841-1853"
}

@article{cardenas,
  author        = "A. A. Cardenas and S. Radosavac and J. S. Baras",
  title         = "Evaluation of Detection Algorithms for MAC Layer Misbehavior: Theory and Experiments",
  journal       = "IEEE/ACM Transactions on Networking",
  volume        = "17",
  number 	= "2",
  month         = apr,
  year          = "2009",
  pages         = "607-617"
}

@inproceedings{prb,
  author        = "L. Guang and C. Assi and A. Benslimane",
  title         = "Modeling and Analysis of Predictable Random Backoff in Selfish Environments",
  booktitle     = "Proc. 9th ACM International Symposium on Modeling Analysis and Simulation of Wireless and Mobile Systems",
  address       = "Terromolinos, Spain",
  year          = "2006",
  pages         = "86-90"
}

@inproceedings{giridistributed,
  author        = "V. R. Giri,N. Jaggi and Vinod Namboodiri",
  title         = "Distributed Reaction Mechanisms to Prevent Selfish Misbehavior in Wireless Ad Hoc Networks",
  booktitle     = "IEEE Globecom 2011",
  address       = "Houston, TX",
  month         = apr,
  year          = "2011",
  pages         = "1-5"
}

@article{bianchioptimalcw,
  author        = "G. Bianchi and L. Fratta and M. Oliveri",
  title         = "Performance Evaluation and Enhancement of the CSMA/CA MAC Protocol for 802.11 Wireless LANs",
  journal       = "IEEE International Symposium on Personal, Indoor and Mobile Radio Communications (PIMRC)",
  volume        = "2",
  month         = oct,
  year          = "1996",
  pages         = "392-396"
}

@article{jainfairness,
  author        = "D-M. Chiu and R. Jain",
  title         = "Analysis of the Increase and Decrease Algorithms for Congestion Avoidance in Computer Networks",
  journal       = "Computer Networks and ISDN Systems",
  volume        = "17",
  number        = "1",
  month         = jun,
  year          = "1989",
  pages         = "1-14"
}

@article{bianchiperformance,
  author        = "G. Bianchi",
  title         = "Performance Analysis of the IEEE 802.11 Distributed Coordination Function",
  journal       = "IEEE Journal on Selected Areas in Communications",
  volume        = "18",
  number	= "3",
  month         = mar,
  year          = "2000",
  pages         = "535-547"
}
